%Bog uden sidetal
@book{"Label",
  author = {},
  title = {},
  booktitle = {},
  publisher = {},
  language = {},
  year = {},
  isbn = {},
  url = {}
}
  
%bog med sidetal
@InBook{"Label",
  author = {},
  title = {},
  booktitle = {},
  publisher = {},
  language = {},
  year = {},
  isbn = {},
  pages = {} }%den/de brugte sider i referencen
  
%Internetside
@Webpage{"Label",
  title		= {},
  address  	= {},
  publisher	= {},
  type		    = {},
  year		    = {},
  lastchecked	= {},
  url		    = {}
}

@book{"Projekt_introduktion",
   author = {AAU},
   title = {\textit{Matematik-økonomi uddannelsen 3.semester efterår 2020 Projekt introduktion}},
   booktitle = {Matematik-økonomi uddannelsen 3.semester efterår 2020 Projekt introduktion},
   publisher = {Aalborg Universitet},
   language = {Dansk},
   year = {12. august 2020}
}

@book{"calculus",
   author = {C. Henry Edwards and David E. Penney},
   title = {\textit{Calculus early transcendentals}},
   booktitle = {Calculus early transcendentals},
   publisher = {Pearson Prentice Hall},
   language = {English},
   year = {2008},
   isbn = {0-13-156989-9},
   edition = {Seventh edition}
}

@book{"ETP",
   author = {Ebbe Thue Poulsen},
   title = {\textit{Funktioner af en og flere variable}},
   booktitle = {Funktioner af en og flere variable},
   publisher = {Institut for Matematik Aarhus Universitet},
   language = {dansk},
   year = {2016},
   isbn = {2900000231672},
   url = {}
}
@Webpage{"ODE",
  author = {Gabriel Nagy},
  title		= {Ordinary Differential Equations},
  address  	= {East Lansing, MI, 48824},
  publisher	= {Michigan State University},
  type		    = {PDF},
  year		    = {2020},
  lastchecked	= {8/9-2020},
  url		    = {https://users.math.msu.edu/users/gnagy/teaching/ode.pdf}
}
@book{"AICNDE",
  author = {Morten Nielsen},
  title = {An Introduction to Complex Numbers and Differential Equations},
  booktitle = {},
  publisher = {Pearson Custom Publishing},
  language = {Engelsk},
  year = {2009},
  isbn = {978 0 85776 478 2},
}
@book{"Moller",
  author = {Jacob Shach Møller},
  title = {\textit{Ordinary Differential Equations}},
  booktitle = {Ordinary Differential Equations},
  publisher = {Århus Universitet},
  language = {Engelsk},
  year = {2014},
  isbn = {},
  url = {}
}